<?xml version="1.0" encoding="UTF-8"?><collection xmlns="http://www.loc.gov/MARC21/slim"><record><leader>00427nam--2200145-i-4500</leader><controlfield tag="001">000028047</controlfield><controlfield tag="002">20161230</controlfield><controlfield tag="005">20170113185950</controlfield><controlfield tag="008">060222s1000------------r-----000-0-eng-d</controlfield><datafield ind1=" " ind2=" " tag="080"><subfield code="a">34</subfield></datafield><datafield ind1=" " ind2=" " tag="245"><subfield code="a">Legislations nucleaires. Etude analytique. I: Responsabilite civile nucleaire, 1967</subfield></datafield><datafield ind1=" " ind2=" " tag="260"><subfield code="a">Paris</subfield><subfield code="b">Agence Europeenne Pour L`Energie Nucleaire, Ocde</subfield><subfield code="c">1967</subfield></datafield><datafield ind1=" " ind2=" " tag="300"><subfield code="a">81 p</subfield></datafield><datafield ind1=" " ind2=" " tag="852"><subfield code="a">33950</subfield></datafield><datafield ind1=" " ind2=" " tag="CAT"><subfield code="a">SYS</subfield><subfield code="c">20170113</subfield><subfield code="h">185950</subfield></datafield></record></collection>